<?xml version="1.0" encoding="UTF-8"?><record xmlns="http://www.loc.gov/MARC21/slim" xmlns:cinclude="http://apache.org/cocoon/include/1.0" xmlns:zs="http://www.loc.gov/zing/srw/">
  <leader>00431nz  a2200133n  4500</leader>
  <controlfield tag="001">no2008053970</controlfield>
  <controlfield tag="003">DLC</controlfield>
  <controlfield tag="005">20080410080244.0</controlfield>
  <controlfield tag="008">080408n| acannaabn          |n ana     c</controlfield>
  <datafield tag="010" ind1=" " ind2=" ">
    <subfield code="a">no2008053970</subfield>
  </datafield>
  <datafield tag="035" ind1=" " ind2=" ">
    <subfield code="a">(OCoLC)oca07729120</subfield>
  </datafield>
  <datafield tag="040" ind1=" " ind2=" ">
    <subfield code="a">OkU</subfield>
    <subfield code="b">eng</subfield>
    <subfield code="c">OkU</subfield>
  </datafield>
  <datafield tag="110" ind1="1" ind2=" ">
    <subfield code="a">Oklahoma.</subfield>
    <subfield code="b">Council of Bond Oversight</subfield>
  </datafield>
  <datafield tag="670" ind1=" " ind2=" ">
    <subfield code="a">Debt policies, 2007:</subfield>
    <subfield code="b">cover (State of Oklahoma. Council of Bond Oversight) p. [1] (Oklahoma Council of Bond Oversight)</subfield>
  </datafield>
</record>